@article{paper1,
    author =       "Jaime Carbonell and Jade Goldstein.",
    title =        "he use of MMR, diversity-based reranking for reordering documents and producing summaries. In Proceedings of the 21st annual international ACM SIGIR conference on Research and development in information retrieval (SIGIR '98). ",
    journal =      " ACM, New York, NY, USA, 335-336.",
    year =         "1998",
   
}

@article{paper2,
    author =       "Long Xia, Jun Xu, Yanyan Lan, Jiafeng Guo, and Xueqi Cheng.",
    title =        "Learning Maximal Marginal Relevance Model via Directly Optimizing Diversity Evaluation Measures. In Proceedings of the 38th International ACM SIGIR Conference on Research and Development in Information Retrieval (SIGIR '15)",
    journal =      " ACM, New York, NY, USA, 335-336.",
    year =         "2015",
   
}

@article{paper3,
    author =       "Shasha Xie and Yang Liu",
    title =        "Using corpus and knowledge-based similarity measure in Maximum Marginal Relevance for meeting summarization",
    journal =      "IEEE International Conference on Acoustics, Speech and Signal Processing, Las Vegas, NV, 2008, pp. 4985-4988",
    year =         "2008",
    
}

@article{paper4,
    author =       "Dragomir R. Radev, Hongyan Jing, and Malgorzata Budzikowska",
    title =        "entroid-based summarization of multiple documents: sentence extraction, utility-based evaluation, and user studies. In Proceedings of the 2000 NAACL-ANLP Workshop on Automatic Summarization (NAACL-ANLP-AutoSum '00)",
    year =         "2000",
    journal =     "Association for Computational Linguistics, Stroudsburg, PA, USA, 21-30"
}

@article{paper5,
    author =       "Jade Goldstein, Vibhu Mittal, Jaime Carbonell, and Mark Kantrowitz",
    title =        "Multi-document summarization by sentence extraction. In Proceedings of the 2000 NAACL-ANLPWorkshop on Automatic summarization - Volume 4 (NAACL-ANLP-AutoSum '00), Vol. 4",
    journal= "Association for Computational Linguistics, Stroudsburg, PA, USA, 40-48",
    year = "2000"
}


@article{paper6,
    author =       "Yulita W. and Pribadi F. S.",
    title =        "The Implementation of Maximum Marginal Relevance Method on Online National and Local News Portal",
    journal= "Proceeding of International Conference on Green Technology, 2015, Semarang, Indonesia.",
    year = "2015"
}


@article{paper7,
    author =       "Yulita W. and Pribadi F. S.",
    title =        "Text Summarization Using Sentiment Analysis for DUC Data",
    journal= "International Conference on Information Technology (ICIT), Bhubaneswar",
    year = "2016"
}

@article{paper8,
    author =       "[8] P. Gupta, R. Tiwari and N. Robert",
    title =        "Sentiment analysis and text summarization of online reviews: A survey",
    journal= "International Conference on Communication and Signal Processing (ICCSP), Melmaruvathur",
    year = "2016"
}










